<record><leader>00000cas a2200000 a 4500</leader><controlfield tag="001">30995438</controlfield><controlfield tag="008">940823d19uu1994iluwr ne      0   a0eng c</controlfield><datafield ind1=" " ind2=" " tag="010"><subfield code="a">sn 94060538 </subfield></datafield><datafield ind1=" " ind2=" " tag="040"><subfield code="a">NVF</subfield><subfield code="b">eng</subfield><subfield code="c">NVF</subfield><subfield code="d">CVF</subfield><subfield code="d">NVF</subfield><subfield code="d">OCLCQ</subfield><subfield code="d">OCLCF</subfield><subfield code="d">NVF</subfield><subfield code="d">OCLCO</subfield></datafield><datafield ind1="1" ind2=" " tag="029"><subfield code="a">AU@</subfield><subfield code="b">000011230418</subfield></datafield><datafield ind1=" " ind2=" " tag="042"><subfield code="a">pcc</subfield></datafield><datafield ind1=" " ind2=" " tag="043"><subfield code="a">n-us-il</subfield></datafield><datafield ind1="0" ind2="0" tag="245"><subfield code="a">Glendale Heights press.</subfield></datafield><datafield ind1=" " ind2=" " tag="260"><subfield code="a">Elmhurst, Ill. :</subfield><subfield code="b">Press Publication</subfield></datafield><datafield ind1="2" ind2=" " tag="260"><subfield code="3">Mar. 25, 1976-Oct. 5, 1978</subfield><subfield code="a">Wheaton, Ill. ;</subfield><subfield code="b">[s.n.]</subfield></datafield><datafield ind1="2" ind2=" " tag="260"><subfield code="3">Oct. 12, 1978-Aug. 28, 1986</subfield><subfield code="a">Lombard, Ill. ;</subfield><subfield code="b">[s.n.]</subfield></datafield><datafield ind1="3" ind2=" " tag="260"><subfield code="3">Sept. 4, 1986-May 5, 1994</subfield><subfield code="a">Bloomingdale, Ill. ;</subfield><subfield code="b">[s.n.]</subfield></datafield><datafield ind1=" " ind2=" " tag="300"><subfield code="a">v.</subfield></datafield><datafield ind1=" " ind2=" " tag="310"><subfield code="a">Weekly</subfield></datafield><datafield ind1="0" ind2=" " tag="362"><subfield code="a">-v. 65, no. 47 (Nov. 25, 1987) ; v. 24, no. 48 (Dec. 3, 1987)-v. 30, no. 18 (May 5, 1994).</subfield></datafield><datafield ind1=" " ind2=" " tag="588"><subfield code="a">Description based on: 53rd year, number 75 (Oct. 2, 1975).</subfield></datafield><datafield ind1=" " ind2="0" tag="651"><subfield code="a">Glendale Heights (Ill.)</subfield><subfield code="v">Newspapers.</subfield></datafield><datafield ind1=" " ind2="7" tag="651"><subfield code="a">Illinois</subfield><subfield code="z">Glendale Heights.</subfield><subfield code="2">fast</subfield><subfield code="0">(OCoLC)fst01238086</subfield></datafield><datafield ind1=" " ind2="7" tag="655"><subfield code="a">Newspapers.</subfield><subfield code="2">fast</subfield><subfield code="0">(OCoLC)fst01423814</subfield></datafield><datafield ind1=" " ind2=" " tag="752"><subfield code="a">United States</subfield><subfield code="b">Illinois</subfield><subfield code="c">DuPage</subfield><subfield code="d">Bloomingdale.</subfield></datafield><datafield ind1=" " ind2=" " tag="752"><subfield code="a">United States</subfield><subfield code="b">Illinois</subfield><subfield code="c">DuPage</subfield><subfield code="d">Elmhurst.</subfield></datafield><datafield ind1=" " ind2=" " tag="752"><subfield code="a">United States</subfield><subfield code="b">Illinois</subfield><subfield code="c">DuPage</subfield><subfield code="d">Wheaton.</subfield></datafield><datafield ind1=" " ind2=" " tag="752"><subfield code="a">United States</subfield><subfield code="b">Illinois</subfield><subfield code="c">DuPage</subfield><subfield code="d">Lombard.</subfield></datafield><datafield ind1="0" ind2="0" tag="785"><subfield code="t">Press (Bloomingdale, Ill. : Glendale Heights ed.)</subfield><subfield code="w">(DLC)sn2002060772</subfield><subfield code="w">(OCoLC)50821305</subfield></datafield></record>